Automatically generated by Mendeley Desktop 1.17.8
Any changes to this file will be lost if it is regenerated by Mendeley.

BibTeX export options can be customized via Options -> BibTeX in Mendeley Desktop

@article{Dyson1960,
author = {Dyson, Freeman J.},
doi = {10.1126/science.131.3414.1667},
journal = {Science},
number = {3414},
pages = {1667--1668},
title = {{Search for Artificial Stellar Sources of Infrared Radiation}},
volume = {131},
year = {1960}
}
@article{Scaringi2016,
archivePrefix = {arXiv},
arxivId = {1608.07291},
author = {Scaringi, S. and Manara, C. F. and Barenfeld, S. A. and Groot, P. J. and Isella, A. and Kenworthy, M. A. and Knigge, C. and Maccarone, T. J. and Ricci, L. and Ansdell, M.},
doi = {10.1093/mnras/stw2155},
eprint = {1608.07291},
journal = {Monthly Notices of the Royal Astronomical Society},
month = {aug},
number = {2},
pages = {2265--2272},
title = {{The peculiar dipping events in the disk-bearing young-stellar object EPIC 204278916}},
url = {http://arxiv.org/abs/1608.07291},
volume = {463},
year = {2016}
}
@article{Hart1975,
author = {Hart, Michael H.},
issn = {0035-8738},
journal = {Quarterly Journal of the Royal Astronomical Society},
pages = {128--135},
title = {{Explanation for the Absence of Extraterrestrials on Earth}},
volume = {16},
year = {1975}
}
@misc{nightsky,
author = {King, Bob},
title = {{9,096 Stars in the Sky â€” Is That All? - Sky and Telescope}},
url = {http://www.skyandtelescope.com/astronomy-resources/how-many-stars-night-sky-09172014/},
urldate = {2017-01-21}
}
@misc{habitable2,
title = {{How Many Habitable Planets are in the Milky Way Galaxy?}},
url = {http://space.about.com/od/frequentlyaskedquestions/a/How-Many-Habitable-Planets-Are-In-The-Milky-Way-Galaxy.htm},
urldate = {2017-01-21}
}
@misc{aleph,
author = {Sandberg, Anders},
title = {{Dyson Sphere FAQ}},
url = {http://www.aleph.se/Nada/dysonFAQ.html},
urldate = {2017-01-23}
}
@article{Kardashev1964,
author = {Kardashev, N. S.},
journal = {Sovjet Astronomy AJ},
number = {2},
pages = {217--221},
title = {{Transmission of Information by Extraterrestrial Civilizations}},
volume = {8},
year = {1964}
}
@misc{atlantic,
author = {Andersen, Ross},
title = {{The Most Mysterious Star in Our Galaxy - The Atlantic}},
url = {http://www.theatlantic.com/science/archive/2015/10/the-most-interesting-star-in-our-galaxy/410023/},
urldate = {2017-01-23},
year = {2015}
}
@misc{dyson,
title = {{SETI Articles}},
url = {http://www.islandone.org/LEOBiblio/SETI1.HTM},
urldate = {2017-01-22}
}
@misc{waitbutwhy,
title = {{The Fermi Paradox - Wait But Why}},
url = {http://waitbutwhy.com/2014/05/fermi-paradox.html},
urldate = {2017-01-22}
}
@misc{independent,
author = {Williams, Lee},
title = {{Astronomers may have found giant alien 'megastructures' orbiting star near the Milky Way | The Independent}},
url = {http://www.independent.co.uk/news/world/forget-water-on-mars-astronomers-may-have-just-found-giant-alien-megastructures-orbiting-a-star-near-a6693886.html},
urldate = {2017-01-23}
}
@book{Newton1687,
address = {London},
author = {Newton, Isaac},
pages = {Theorem XXXI},
title = {{Philosophiae Naturalis Principia Mathematica}},
year = {1687}
}
@article{lemarchand,
author = {Lemarchand, Guillermo A},
journal = {SETIQuest},
number = {1},
pages = {3--13},
title = {{Detectability of Extraterrestrial Technological Activities}},
url = {http://www.coseti.org/lemarch1.htm},
volume = {1},
year = {1994}
}
